%! Author = Admin
%! Date = 11/22/2019


@misc{WikiLatex,
    author = {Wikipedia},
    title = {{LaTeX â€“ Wikipedia, wolna encyklopedia}},
    type = {},
    institution = {},
    year = {2019},
    url = {https://pl.wikipedia.org/wiki/LaTeX},
    note = {\url{https://pl.wikipedia.org/wiki/LaTeX}}
}

@misc{MikTeX,
    author = {Christian Schenk},
    title = {{Home - MiKTeX.org}},
    type = {},
    institution = {},
    year = {2019},
    url = {https://miktex.org/},
    note = {\url{https://miktex.org/}}
}

@misc{Ghostscript,
    author = {{Artifex Software}},
    title = {Ghostscript},
    type = {},
    institution = {},
    year = {2019},
    url = {https://www.ghostscript.com/},
    note = {\url{https://www.ghostscript.com/}}
}

@misc{TeXstudio,
    author = {Benito van der Zander and Jan Sundermeyer and Daniel Braun and Tim Hoffmann},
    title = {{TeXstudio}},
    type = {},
    institution = {},
    year = {2019},
    url = {https://texstudio.org/},
    note = {\url{https://texstudio.org/}}
}
